<?xml version="1.0" encoding="UTF-8"?><collection xmlns="http://www.loc.gov/MARC21/slim"><record><leader>00504nam--2200133-i-4500</leader><controlfield tag="001">000020094</controlfield><controlfield tag="002">20161230</controlfield><controlfield tag="005">20161230201033</controlfield><controlfield tag="008">060222s1000------------r-----000-0-eng-d</controlfield><datafield ind1=" " ind2=" " tag="080"><subfield code="a">621.030.534.23:621.039.564.2(043)</subfield></datafield><datafield ind1=" " ind2=" " tag="100"><subfield code="a">Fontana, Xavier</subfield></datafield><datafield ind1=" " ind2=" " tag="245"><subfield code="a">Synthese et simulation d`un filtre correcteur permettant la restitution de la puissance locale dans le coeur d`un pwr a partir du signal emis par un thermometre gamma.these</subfield></datafield><datafield ind1=" " ind2=" " tag="260"><subfield code="a">Orsay, Universite De Paris-sud, 1981.   172 P</subfield></datafield><datafield ind1=" " ind2=" " tag="852"><subfield code="a">71110</subfield></datafield></record></collection>